@incollection{Martinez-blanco2016,
author = {Martinez-blanco, Ma Rosario and Martinez-blanco, Ma Rosario and Casta{\~{n}}eda-miranda, V{\'{i}}ctor Hugo and Casta{\~{n}}eda-miranda, V{\'{i}}ctor Hugo and Ornelas-vargas, Gerardo and Ornelas-vargas, Gerardo and Guerrero-osuna, H{\'{e}}ctor Alonso and Guerrero-osuna, H{\'{e}}ctor Alonso and Solis-sanchez, Luis Octavio and Solis-sanchez, Luis Octavio and Casta{\~{n}}eda-miranda, Rodrigo and Galvan-tejada, Carlos Eric and Galvan-tejada, Jorge Isaac and Galvan-tejada, Carlos Eric and Ortiz-rodriguez, Jose Manuel},
booktitle = {Artificial Neural Networks - Models and Applications},
file = {:Users/jrpowers-luhn/Downloads/51466.pdf:pdf},
title = {{Generalized Regression Neural Networks with Application in Neutron Spectrometry}},
url = {http://www.intechopen.com/books/artificial-neural-networks-models-and-applications/generalized-regression-neural-networks-with-application-in-neutron-spectrometry},
year = {2016}
}

@inproceedings{Lagari2017,
author = {Lagari, Pola-Lydia and Tsoukalas, Lefteri H and Choi, Chan K and Alamaniotis, Miltos},
booktitle = {NNSA University Program Review},
file = {:Users/jrpowers-luhn/Library/Application Support/Mendeley Desktop/Downloaded/Lagari et al. - 2017 - A Neural Network Learning Approach for Identification of SNM Signatures in Gamma Ray Spectra CNEC – Consortium.pdf:pdf},
title = {{A Neural Network Learning Approach for Identification of SNM Signatures in Gamma Ray Spectra CNEC – Consortium for Nonproliferation Enabling Capabilities}},
url = {https://custom.cvent.com/6E3C46AD74FE408E9EA5C451E9268B40/files/5fc811c6565c4398aeb8519364fa8cac.pdf},
year = {2017}
}

@book{miziolek2006laser,
  title={Laser induced breakdown spectroscopy},
  author={Miziolek, Andrzej W and Palleschi, Vincenzo and Schechter, Israel},
  year={2006},
  publisher={Cambridge University Press}
}

@article{radziemski1989laser,
  title={Laser-induced plasmas and applications},
  author={Radziemski, Leon J and Cremers, David A},
  year={1989}
}

@techreport{anderson1994laser,
  title={Laser ablation ICP-mass spectrometry determination of Th 230 in soils at the Gunnison, Colorado UMTRA site},
  author={Anderson, MS and Braymen, S and McIntosh, R},
  year={1994},
  institution={Ames Lab.}
}
