@book{RN115,
   author = {Taylor, John},
   title = {Introduction to error analysis, the study of uncertainties in physical measurements},
   ISBN = {0935702423},
   year = {1997},
   type = {Book}
}

@article{RN117,
   author = {Franc, J. and Höschl, P. and Belas, E. and Grill, R. and Hlı́dek, P. and Moravec, P. and Bok, J.},
   title = {CdTe and CdZnTe crystals for room temperature gamma-ray detectors},
   journal = {Nuclear Instruments and Methods in Physics Research Section A: Accelerators, Spectrometers, Detectors and Associated Equipment},
   volume = {434},
   number = {1},
   pages = {146-151},
   ISSN = {0168-9002},
   DOI = {http://doi.org/10.1016/S0168-9002(99)00448-9},
   url = {http://www.sciencedirect.com/science/article/pii/S0168900299004489},
   year = {1999},
   type = {Journal Article}
}

@article{RN116,
   author = {Schlesinger, T. E. and Toney, J. E. and Yoon, H. and Lee, E. Y. and Brunett, B. A. and Franks, L. and James, R. B.},
   title = {Cadmium zinc telluride and its use as a nuclear radiation detector material},
   journal = {Materials Science and Engineering: R: Reports},
   volume = {32},
   number = {4–5},
   pages = {103-189},
   ISSN = {0927-796X},
   DOI = {http://doi.org/10.1016/S0927-796X(01)00027-4},
   url = {http://www.sciencedirect.com/science/article/pii/S0927796X01000274},
   year = {2001},
   type = {Journal Article}
}

@article{RN118,
   author = {Owens, Alan and Peacock, A.},
   title = {Compound semiconductor radiation detectors},
   journal = {Nuclear Instruments and Methods in Physics Research Section A: Accelerators, Spectrometers, Detectors and Associated Equipment},
   volume = {531},
   number = {1–2},
   pages = {18-37},
   ISSN = {0168-9002},
   DOI = {http://doi.org/10.1016/j.nima.2004.05.071},
   url = {http://www.sciencedirect.com/science/article/pii/S0168900204010575},
   year = {2004},
   type = {Journal Article}
}

@book{RN114,
   author = {Tsoulfanidis, Nicholas},
   title = {Measurement and detection of radiation},
   publisher = {CRC press},
   ISBN = {1439894655},
   year = {2013},
   type = {Book}
}

