@article{Penrose1985,
author = {Penrose, K W and Nelson, A G and Fisher, A G},
issn = {0195-9131},
journal = {Medicine {\&} Science in Sports {\&} Exercise},
number = {2},
title = {{Generalized Body Composition Prediction Equation For Men Using Simple Measurement Techniques}},
volume = {17},
year = {1985}
}
@article{Bergman2011,
author = {Bergman, Richard N. and Stefanovski, Darko and Buchanan, Thomas A. and Sumner, Anne E. and Reynolds, James C. and Sebring, Nancy G. and Xiang, Anny H. and Watanabe, Richard M.},
doi = {10.1038/oby.2011.38},
file = {:Users/jrpowers-luhn/Library/Application Support/Mendeley Desktop/Downloaded/Bergman et al. - 2011 - A Better Index of Body Adiposity.pdf:pdf},
issn = {1930-7381},
journal = {Obesity},
month = {may},
number = {5},
pages = {1083--1089},
publisher = {Wiley-Blackwell},
title = {{A Better Index of Body Adiposity}},
url = {http://doi.wiley.com/10.1038/oby.2011.38},
volume = {19},
year = {2011}
}
@misc{Coble2018,
  author        = {Coble, J},
  title         = {Evaluating Data: Time Domain Statistics},
  month         = {August},
  year          = {2018},
  publisher={Department of Nuclear Engineering, University of Tennessee}
}
@article{Rimm1995,
author = {Rimm, Eric B. and Stampfer, Meir J. and Giovannucci, Edward and Ascherio, Alberto and Spiegelman, Donna and Colditz, Graham A. and Willett, Walter C.},
title = {Body Size and Fat Distribution as Predictors of Coronary Heart Disease among Middle-aged and Older US Men},
journal = {American Journal of Epidemiology},
volume = {141},
number = {12},
pages = {1117-1127},
year = {1995},
doi = {10.1093/oxfordjournals.aje.a117385},
URL = {http://dx.doi.org/10.1093/oxfordjournals.aje.a117385},
eprint = {/oup/backfile/content_public/journal/aje/141/12/10.1093/oxfordjournals.aje.a117385/2/141-12-1117.pdf}
}
@article{HealthyBodyFat2000,
author = {Gallagher, Dympna and Heymsfield, Steven B and Heo, Moonseong and Jebb, Susan A and Murgatroyd, Peter R and Sakamoto, Yoichi},
title = {Healthy percentage body fat ranges: an approach for developing guidelines based on body mass index},
journal = {The American Journal of Clinical Nutrition},
volume = {72},
number = {3},
pages = {694-701},
year = {2000},
doi = {10.1093/ajcn/72.3.694},
URL = {http://dx.doi.org/10.1093/ajcn/72.3.694},
eprint = {/oup/backfile/content_public/journal/ajcn/72/3/10.1093_ajcn_72.3.694/3/694.pdf}
}
@article{statsEducation,
author = {Roger W. Johnson},
title = {Fitting Percentage of Body Fat to Simple Body Measurements},
journal = {Journal of Statistics Education},
volume = {4},
number = {1},
pages = {null},
year  = {1996},
publisher = {Taylor & Francis},
doi = {10.1080/10691898.1996.11910505},

URL = { 
        https://doi.org/10.1080/10691898.1996.11910505
    
},
eprint = { 
        https://doi.org/10.1080/10691898.1996.11910505
    
}
}@book{dianat2016,
  title={Advanced linear algebra for engineers with MATLAB},
  author={Dianat, Sohail A and Saber, Eli},
  year={2016},
  publisher={CRC Press}
}
