@article{Penrose1985,
author = {Penrose, K W and Nelson, A G and Fisher, A G},
issn = {0195-9131},
journal = {Medicine {\&} Science in Sports {\&} Exercise},
number = {2},
title = {{Generalized Body Composition Prediction Equation For Men Using Simple Measurement Techniques}},
volume = {17},
year = {1985}
}
@article{Bergman2011,
author = {Bergman, Richard N. and Stefanovski, Darko and Buchanan, Thomas A. and Sumner, Anne E. and Reynolds, James C. and Sebring, Nancy G. and Xiang, Anny H. and Watanabe, Richard M.},
doi = {10.1038/oby.2011.38},
file = {:Users/jrpowers-luhn/Library/Application Support/Mendeley Desktop/Downloaded/Bergman et al. - 2011 - A Better Index of Body Adiposity.pdf:pdf},
issn = {1930-7381},
journal = {Obesity},
month = {may},
number = {5},
pages = {1083--1089},
publisher = {Wiley-Blackwell},
title = {{A Better Index of Body Adiposity}},
url = {http://doi.wiley.com/10.1038/oby.2011.38},
volume = {19},
year = {2011}
}
@misc{Coble2018,
  author        = {Coble, J},
  title         = {Evaluating Data: Time Domain Statistics},
  month         = {August},
  year          = {2018},
  publisher={Department of Nuclear Engineering, University of Tennessee}
}
