@article{1985Gbcp,
issn = {0195-9131},
journal = {Medicine and science in sports and exercise.},
volume = {17},
publisher = {American College of Sports Medicine},
number = {2},
year = {1985},
title = {Generalized body composition prediction equation for men using simple measurement techniques},
address = {Madison, Wisc.,},
}

