@article{rylander2002,
  title={Optimal population size and the genetic algorithm},
  author={Rylander, STANLEY GOTSHALL BART},
  journal={Population},
  volume={100},
  number={400},
  pages={900},
  year={2002}
}